<collection xmlns="http://www.loc.gov/MARC21/slim">
   <record>
      <leader>03023nam a2200589 i 4500</leader>
      <controlfield tag="001">6810788</controlfield>
      <controlfield tag="003">CaOOAMICUS</controlfield>
      <controlfield tag="005">20150127150239.0</controlfield>
      <controlfield tag="006">m     o  d f      </controlfield>
      <controlfield tag="007">cr cn</controlfield>
      <controlfield tag="008">150122t20152015onca    obs  f000 0 eng  </controlfield>
      <datafield ind1=" " ind2=" " tag="016">
         <subfield code="a">20157005313</subfield>
      </datafield>
      <datafield ind1=" " ind2=" " tag="035">
         <subfield code="a">ocn901995512</subfield>
      </datafield>
      <datafield ind1=" " ind2=" " tag="039">
         <subfield code="a">exclude</subfield>
      </datafield>
      <datafield ind1=" " ind2=" " tag="040">
         <subfield code="a">CaOONL</subfield>
         <subfield code="b">eng</subfield>
         <subfield code="e">rda</subfield>
         <subfield code="c">CaOONL</subfield>
         <subfield code="d">AEU</subfield>
      </datafield>
      <datafield ind1=" " ind2=" " tag="043">
         <subfield code="a">n-cn---</subfield>
      </datafield>
      <datafield ind1="0" ind2=" " tag="082">
         <subfield code="a">331.25/20971</subfield>
         <subfield code="2">23</subfield>
      </datafield>
      <datafield ind1="1" ind2=" " tag="086">
         <subfield code="a">CS75-006/1-2015-1E-PDF</subfield>
         <subfield code="z">75-006-X</subfield>
      </datafield>
      <datafield ind1=" " ind2=" " tag="090">
         <subfield code="a">Internet Access</subfield>
         <subfield code="b">AEU</subfield>
      </datafield>
      <datafield ind1="1" ind2=" " tag="100">
         <subfield code="a">Messacar, Derek,</subfield>
         <subfield code="e">author.</subfield>
         <subfield code="0">http://viaf.org/viaf/313485051</subfield>
      </datafield>
      <datafield ind1="1" ind2="0" tag="245">
         <subfield code="a">Employer pensions and the wealth of Canadian families /</subfield>
         <subfield code="c">by Derek Messacar and René Morissette.</subfield>
      </datafield>
      <datafield ind1=" " ind2="1" tag="264">
         <subfield code="a">[Ottawa] :</subfield>
         <subfield code="b">Statistics Canada = Statistique Canada,</subfield>
         <subfield code="c">2015.</subfield>
      </datafield>
      <datafield ind1=" " ind2="4" tag="264">
         <subfield code="c">©2015</subfield>
      </datafield>
      <datafield ind1=" " ind2=" " tag="300">
         <subfield code="a">1 online resource (10 pages).</subfield>
      </datafield>
      <datafield ind1=" " ind2=" " tag="336">
         <subfield code="a">text</subfield>
         <subfield code="b">txt</subfield>
         <subfield code="2">rdacontent</subfield>
         <subfield code="0">http://id.loc.gov/vocabulary/contentTypes/txt</subfield>
      </datafield>
      <datafield ind1=" " ind2=" " tag="337">
         <subfield code="a">computer</subfield>
         <subfield code="b">c</subfield>
         <subfield code="2">rdamedia</subfield>
         <subfield code="0">http://id.loc.gov/vocabulary/mediaTypes/c</subfield>
      </datafield>
      <datafield ind1=" " ind2=" " tag="338">
         <subfield code="a">online resource</subfield>
         <subfield code="b">cr</subfield>
         <subfield code="2">rdacarrier</subfield>
         <subfield code="0">http://id.loc.gov/vocabulary/carriers/cr</subfield>
      </datafield>
      <datafield ind1="1" ind2=" " tag="490">
         <subfield code="a">Insights on Canadian society,</subfield>
         <subfield code="x">2291-0840</subfield>
      </datafield>
      <datafield ind1=" " ind2=" " tag="500">
         <subfield code="a">Distributed by the Government of Canada Depository Services Program (Weekly checklist 2015-03).</subfield>
      </datafield>
      <datafield ind1=" " ind2=" " tag="500">
         <subfield code="a">Issued also in French under title: Les régimes de pension d'employeur et le patrimoine des familles canadiennes.</subfield>
      </datafield>
      <datafield ind1=" " ind2=" " tag="500">
         <subfield code="a">"Release date: January 15, 2015."</subfield>
      </datafield>
      <datafield ind1=" " ind2=" " tag="504">
         <subfield code="a">Includes bibliographical references.</subfield>
      </datafield>
      <datafield ind1=" " ind2=" " tag="596">
         <subfield code="a">13 44 57</subfield>
      </datafield>
      <datafield ind1=" " ind2="0" tag="650">
         <subfield code="a">Old age pensions</subfield>
         <subfield code="z">Canada</subfield>
         <subfield code="v">Statistics.</subfield>
      </datafield>
      <datafield ind1=" " ind2="0" tag="650">
         <subfield code="a">Families</subfield>
         <subfield code="x">Economic aspects</subfield>
         <subfield code="z">Canada</subfield>
         <subfield code="v">Statistics.</subfield>
      </datafield>
      <datafield ind1=" " ind2="0" tag="650">
         <subfield code="a">Financial security</subfield>
         <subfield code="z">Canada</subfield>
         <subfield code="v">Statistics.</subfield>
      </datafield>
      <datafield ind1=" " ind2="6" tag="650">
         <subfield code="a">Pensions de vieillesse</subfield>
         <subfield code="z">Canada</subfield>
         <subfield code="v">Statistiques.</subfield>
      </datafield>
      <datafield ind1=" " ind2="6" tag="650">
         <subfield code="a">Familles</subfield>
         <subfield code="x">Aspect économique</subfield>
         <subfield code="z">Canada</subfield>
         <subfield code="v">Statistiques.</subfield>
      </datafield>
      <datafield ind1=" " ind2="6" tag="650">
         <subfield code="a">Sécurité financière</subfield>
         <subfield code="z">Canada</subfield>
         <subfield code="v">Statistiques.</subfield>
      </datafield>
      <datafield ind1="1" ind2=" " tag="700">
         <subfield code="a">Morissette, R.</subfield>
         <subfield code="q">(René),</subfield>
         <subfield code="d">1959-,</subfield>
         <subfield code="e">author.</subfield>
         <subfield code="0">http://id.loc.gov/authorities/names/n96024587</subfield>
      </datafield>
      <datafield ind1="2" ind2=" " tag="710">
         <subfield code="a">Statistics Canada,</subfield>
         <subfield code="e">issuing body.</subfield>
         <subfield code="0">http://id.loc.gov/authorities/names/n79095381</subfield>
         <subfield code="0">http://viaf.org/viaf/157810330</subfield>
      </datafield>
      <datafield ind1=" " ind2=" " tag="758">
         <subfield code="0">http://worldcat.org/entity/work/id/23827936</subfield>
      </datafield>
      <datafield ind1="0" ind2=" " tag="787">
         <subfield code="n">OCLC Work Id</subfield>
         <subfield code="o">http://worldcat.org/entity/work/id/23827936</subfield>
      </datafield>
      <datafield ind1=" " ind2="0" tag="830">
         <subfield code="a">Insights on Canadian society.</subfield>
      </datafield>
      <datafield ind1="4" ind2="0" tag="856">
         <subfield code="3">Free Access</subfield>
         <subfield code="u">http://epe.lac-bac.gc.ca/100/201/301/weekly_checklist/2015/internet/w15-03-F-E.html/collections/collection_2015/statcan/75-006-x/75-006-2015001-1-eng.pdf</subfield>
      </datafield>
      <datafield ind1="4" ind2="0" tag="856">
         <subfield code="3">Free Access</subfield>
         <subfield code="u">http://publications.gc.ca/collections/collection_2015/statcan/75-006-x/75-006-2015001-1-eng.pdf</subfield>
      </datafield>
      <datafield ind1=" " ind2=" " tag="949">
         <subfield code="h">UAIN</subfield>
         <subfield code="m">NEOS_FREE</subfield>
         <subfield code="z">DSP</subfield>
      </datafield>
      <datafield ind1=" " ind2=" " tag="949">
         <subfield code="h">UAIN</subfield>
         <subfield code="z">DSP</subfield>
      </datafield>
      <datafield ind1=" " ind2=" " tag="949">
         <subfield code="h">UAIN</subfield>
         <subfield code="m">GR_MAC_INT</subfield>
         <subfield code="z">DSP</subfield>
      </datafield>
      <datafield ind1=" " ind2=" " tag="926">
         <subfield code="a">Internet Access</subfield>
         <subfield code="w">LC</subfield>
         <subfield code="c">1</subfield>
         <subfield code="i">6810788-1001</subfield>
         <subfield code="l">INTERNET</subfield>
         <subfield code="m">NEOS_FREE</subfield>
         <subfield code="r">Y</subfield>
         <subfield code="s">Y</subfield>
         <subfield code="t">E-RESOURCE</subfield>
         <subfield code="u">2/23/2015</subfield>
         <subfield code="x">E-BOOK</subfield>
         <subfield code="z">DSP</subfield>
      </datafield>
      <datafield ind1=" " ind2=" " tag="926">
         <subfield code="a">Internet Access</subfield>
         <subfield code="w">LC</subfield>
         <subfield code="c">1</subfield>
         <subfield code="i">6810788-2001</subfield>
         <subfield code="l">INTERNET</subfield>
         <subfield code="m">UAINTERNET</subfield>
         <subfield code="r">Y</subfield>
         <subfield code="s">Y</subfield>
         <subfield code="t">E-RESOURCE</subfield>
         <subfield code="u">2/23/2015</subfield>
         <subfield code="x">E-BOOK</subfield>
         <subfield code="z">DSP</subfield>
      </datafield>
      <datafield ind1=" " ind2=" " tag="926">
         <subfield code="a">Internet Access</subfield>
         <subfield code="w">LC</subfield>
         <subfield code="c">1</subfield>
         <subfield code="i">6810788-3001</subfield>
         <subfield code="l">INTERNET</subfield>
         <subfield code="m">GR_MAC_INT</subfield>
         <subfield code="r">Y</subfield>
         <subfield code="s">Y</subfield>
         <subfield code="t">E-RESOURCE</subfield>
         <subfield code="u">2/23/2015</subfield>
         <subfield code="x">E-BOOK</subfield>
         <subfield code="z">DSP</subfield>
      </datafield>
   </record>
</collection>
